<?xml version='1.0' encoding='UTF-8'?>
<record xmlns="http://www.loc.gov/MARC21/slim">
  <leader>01197cam a22002535a 4500</leader>
  <controlfield tag="001">1738024</controlfield>
  <controlfield tag="003">NjP</controlfield>
  <controlfield tag="005">20170312230806.0</controlfield>
  <controlfield tag="008">940830s1934    iq h          000 0cara d</controlfield>
  <datafield tag="024" ind1="7" ind2=" ">
    <subfield code="a">princeton_aco002510</subfield>
    <subfield code="2">local</subfield>
  </datafield>
  <datafield ind1=" " ind2=" " tag="035">
    <subfield code="a">(OCoLC)ocm31032782</subfield>
  </datafield>
  <datafield ind1=" " ind2=" " tag="035">
    <subfield code="9">CFS8052TS</subfield>
  </datafield>
  <datafield ind1=" " ind2=" " tag="040">
    <subfield code="a">CUY</subfield>
    <subfield code="c">CUY</subfield>
    <subfield code="d">PUL</subfield>
  </datafield>
  <datafield ind1=" " ind2=" " tag="043">
    <subfield code="a">aw-----</subfield>
    <subfield code="a">ff-----</subfield>
  </datafield>
  <datafield ind1="1" ind2=" " tag="100">
    <subfield code="a">ʻAydarūs, ʻAbd al-Qādir ibn Shaykh,</subfield>
    <subfield code="d">1570-1627.</subfield>
    <subfield code="0">http://id.loc.gov/authorities/names/n84145956</subfield>
  </datafield>
  <datafield ind1="1" ind2="0" tag="240">
    <subfield code="a">Nūr al-sāfir ʻan akhbār al-qarn al-ʻāshir</subfield>
  </datafield>
  <datafield ind1="1" ind2="0" tag="245">
    <subfield code="a">Tārīkh al-nūr al-sāfir ʻan akhbār al-qarn al-ʻāshir,</subfield>
    <subfield code="c">taʾlīf Muḥyī al-Dīn ʻAbd al-Qādir ibn Shaykh ibn ʻAbd Allāh al-ʻAydarūsī. Ṣaḥḥaḥahu wa-ḍabaṭahu Muḥammad Rashīd al-Ṣaffār.</subfield>
  </datafield>
  <datafield ind1=" " ind2=" " tag="260">
    <subfield code="a">Baghdād,</subfield>
    <subfield code="b">al-Maktabah al-ʻArabīyah,</subfield>
    <subfield code="c">1934.</subfield>
  </datafield>
  <datafield ind1=" " ind2=" " tag="300">
    <subfield code="a">508 p.</subfield>
    <subfield code="b">facsim.</subfield>
  </datafield>
  <datafield ind1=" " ind2="0" tag="651">
    <subfield code="a">Middle East</subfield>
    <subfield code="v">Biography</subfield>
    <subfield code="v">Early works to 1800.</subfield>
  </datafield>
  <datafield ind1=" " ind2="0" tag="650">
    <subfield code="a">Obituaries</subfield>
    <subfield code="z">Middle East</subfield>
    <subfield code="v">Early works to 1800.</subfield>
  </datafield>
  <datafield ind1=" " ind2="0" tag="651">
    <subfield code="a">Middle East</subfield>
    <subfield code="x">History</subfield>
    <subfield code="y">1517-</subfield>
    <subfield code="0">http://id.loc.gov/authorities/subjects/sh85090508</subfield>
  </datafield>
  <datafield ind1="0" ind2=" " tag="740">
    <subfield code="a">Nūr al-sāfir ʻan akhbār al-qarn al-ʻāshir.</subfield>
  </datafield>
  <datafield ind1=" " ind2=" " tag="947">
    <subfield code="a">CFS8052</subfield>
  </datafield>
  <datafield ind1=" " ind2=" " tag="911">
    <subfield code="a">19990709</subfield>
  </datafield>
  <datafield ind1="0" ind2="0" tag="852">
    <subfield code="0">1999324</subfield>
    <subfield code="b">nec</subfield>
    <subfield code="t">0</subfield>
    <subfield code="h">DS61.5</subfield>
    <subfield code="i">.A933 1934</subfield>
    <subfield code="x">tr fr sy</subfield>
  </datafield>
  <datafield ind1=" " ind2=" " tag="959">
    <subfield code="a">2000-06-13 00:00:00 -0500</subfield>
  </datafield>
</record>
